<?xml version='1.0' encoding='utf-8'?>
<collection xmlns:marc="http://www.loc.gov/MARC21/slim" xmlns:xsi="http://www.w3.org/2001/XMLSchema-instance">
   <record>
      <leader>02167nrm a2200457 a 4500</leader>
      <controlfield tag="007">k|||m|</controlfield>
      <controlfield tag="008">      s        xx |||        ||||||fre d</controlfield>
      <datafield tag="019" ind1=" " ind2=" ">
         <subfield code="a">!!! Notice importée automatiquement, à vérifier et à compléter si nécessaire !!!</subfield>
         <subfield code="9">vdetoy/08.2025</subfield>
      </datafield>
      <datafield tag="024" ind1="3" ind2=" ">
         <subfield code="a">4069</subfield>
      </datafield>
      <datafield tag="035" ind1=" " ind2=" ">
         <subfield code="a">(LUETOY)807</subfield>
      </datafield>
      <datafield tag="040" ind1=" " ind2=" ">
         <subfield code="a">RNV etoy</subfield>
      </datafield>
      <datafield tag="245" ind1="0" ind2="0">
         <subfield code="a">Cheval-bâton en peluche</subfield>
      </datafield>
      <datafield tag="264" ind1=" " ind2="2">
         <subfield code="a">[Lieu de publication non identifié] : </subfield>
         <subfield code="b">BEA &amp; Poly Ltd, </subfield>
         <subfield code="c">[date de publication non identifiée]</subfield>
      </datafield>
      <datafield tag="300" ind1=" " ind2=" ">
         <subfield code="a">1 jeu</subfield>
      </datafield>
      <datafield tag="336" ind1=" " ind2=" ">
         <subfield code="b">tdf</subfield>
         <subfield code="2">rdacontent</subfield>
      </datafield>
      <datafield tag="337" ind1=" " ind2=" ">
         <subfield code="b">n</subfield>
         <subfield code="2">rdamedia</subfield>
      </datafield>
      <datafield tag="338" ind1=" " ind2=" ">
         <subfield code="b">nr</subfield>
         <subfield code="2">rdacarrier</subfield>
      </datafield>
      <datafield tag="500" ind1=" " ind2=" ">
         <subfield code="a">Age min : 3 ans</subfield>
      </datafield>
      <datafield tag="500" ind1=" " ind2=" ">
         <subfield code="a">Age max : 9 ans</subfield>
      </datafield>
      <datafield tag="500" ind1=" " ind2=" ">
         <subfield code="a">Nombre de joueur·euse·s : 1</subfield>
      </datafield>
      <datafield tag="505" ind1="0" ind2=" ">
         <subfield code="a">1 tête de cheval en peluche -- 2 poignées en bois -- 2 piles AA, fournies par la Ludothèque -- 1 baton en bois avec roulettes * -- 1 étiquette-photo en A6 laminée -- avec ruban -- * roulettes pas identiques ! -- étiquettes remplacées déc 2023 -- piles remplacées avril 2024</subfield>
      </datafield>
      <datafield tag="650" ind1=" " ind2="7">
         <subfield code="a">Jeu de rôle</subfield>
         <subfield code="0">A201</subfield>
         <subfield code="2">esar</subfield>
      </datafield>
      <datafield tag="972" ind1=" " ind2=" ">
         <subfield code="a">vdetoy</subfield>
      </datafield>
      <datafield tag="905" ind1=" " ind2=" ">
         <subfield code="a">etoyjcoeur</subfield>
         <subfield code="b">2508</subfield>
         <subfield code="9">local</subfield>
      </datafield>
      <datafield tag="985" ind1=" " ind2=" ">
         <subfield code="2">cetoy</subfield>
         <subfield code="a">2</subfield>
         <subfield code="b">Jeux pour le jeu Symbolique</subfield>
         <subfield code="c">SYM. rôle / imitation</subfield>
         <subfield code="9">local</subfield>
      </datafield>
      <datafield tag="998" ind1=" " ind2=" ">
         <subfield code="a">ImportPython/etoy</subfield>
      </datafield>
      <holding_data>
         <leader>     nx  a22     1n 4500</leader>
         <datafield tag="852" ind1=" " ind2=" ">
            <subfield code="b">etoy</subfield>
            <subfield code="c">811450035</subfield>
            <subfield code="h">SYM. rôle / imitation</subfield>
         </datafield>
      </holding_data>
      <item_data>
         <alternative_call_number>SYM. rôle / imitation</alternative_call_number>
         <alternative_call_number_type>8</alternative_call_number_type>
         <arrival_date>2017-02-09</arrival_date>
         <barcode>EY2349</barcode>
         <fulfillment_note>Vérifier que les piles fonctionnent à chaque prêt et retour, svp ! Aussi l'étiquette-photo doit être présente à chaque emprunt et retour. Facturation en cas de perte</fulfillment_note>
         <inventory_date>2025-07-03</inventory_date>
         <inventory_price>16,8</inventory_price>
         <internal_note_1>Pièces de rechange : Néecessite piles 2x AA, 1,5 V ; Test_Jeux_perso</internal_note_1>
         <internal_note_3>retour du 27 juin 2025, en très mauvais état : la tête qui bouge, la crinière coupée, un trou sur le côté et les yeux abimés. SD &amp; GB 27 juin 2025  ; Fournisseur : BEA</internal_note_3>
         <item_location>811450035</item_location>
         <physical_material_type>GAME</physical_material_type>
         <policy>3000</policy>
      </item_data>
   </record>