
   <record>
      <leader>02167nrm a2200457 a 4500</leader>
      <controlfield tag="007">k|||m|</controlfield>
      <controlfield tag="008">      s        xx |||        ||||||fre d</controlfield>
      <datafield tag="019" ind1=" " ind2=" ">
         <subfield code="a">!!! Notice importée automatiquement, à vérifier et à compléter si nécessaire !!!</subfield>
         <subfield code="9">vdetoy/08.2025</subfield>
      </datafield>
      <datafield tag="024" ind1="3" ind2=" ">
         <subfield code="a">4004943562003</subfield>
      </datafield>
      <datafield tag="035" ind1=" " ind2=" ">
         <subfield code="a">(LUETOY)964</subfield>
      </datafield>
      <datafield tag="040" ind1=" " ind2=" ">
         <subfield code="a">RNV etoy</subfield>
      </datafield>
      <datafield tag="245" ind1="0" ind2="0">
         <subfield code="a">New bobby car rouge</subfield>
      </datafield>
      <datafield tag="264" ind1=" " ind2="2">
         <subfield code="a">[Lieu de publication non identifié] : </subfield>
         <subfield code="b">BIG Spielwarenfabrik, </subfield>
         <subfield code="c">[date de publication non identifiée]</subfield>
      </datafield>
      <datafield tag="300" ind1=" " ind2=" ">
         <subfield code="a">1 jeu</subfield>
      </datafield>
      <datafield tag="336" ind1=" " ind2=" ">
         <subfield code="b">tdf</subfield>
         <subfield code="2">rdacontent</subfield>
      </datafield>
      <datafield tag="337" ind1=" " ind2=" ">
         <subfield code="b">n</subfield>
         <subfield code="2">rdamedia</subfield>
      </datafield>
      <datafield tag="338" ind1=" " ind2=" ">
         <subfield code="b">nr</subfield>
         <subfield code="2">rdacarrier</subfield>
      </datafield>
      <datafield tag="500" ind1=" " ind2=" ">
         <subfield code="a">Age min : 12 mois</subfield>
      </datafield>
      <datafield tag="500" ind1=" " ind2=" ">
         <subfield code="a">Age max : 5 ans</subfield>
      </datafield>
      <datafield tag="500" ind1=" " ind2=" ">
         <subfield code="a">Poids : max 25 kg</subfield>
      </datafield>
      <datafield tag="505" ind1="0" ind2=" ">
         <subfield code="a">Trotteur en forme de voiture -- Pneus et jantes (rouge &amp; blanc) -- Couvercle de réservoir -- Avertissements de sécurité (2 fiches A5, laminées)</subfield>
      </datafield>
      <datafield tag="650" ind1=" " ind2="7">
         <subfield code="a">Jeu moteur</subfield>
         <subfield code="0">A106</subfield>
         <subfield code="2">esar</subfield>
      </datafield>
      <datafield tag="972" ind1=" " ind2=" ">
         <subfield code="a">vdetoy</subfield>
      </datafield>
      <datafield tag="985" ind1=" " ind2=" ">
         <subfield code="2">cetoy</subfield>
         <subfield code="a">1</subfield>
         <subfield code="b">Jeux pour le jeu d'Exercice</subfield>
         <subfield code="c">EX. motricité</subfield>
         <subfield code="9">local</subfield>
      </datafield>
      <datafield tag="998" ind1=" " ind2=" ">
         <subfield code="a">ImportPython/etoy</subfield>
      </datafield>
      <holding_data>
         <leader>     nx  a22     1n 4500</leader>
         <datafield tag="852" ind1=" " ind2=" ">
            <subfield code="b">etoy</subfield>
            <subfield code="c">811450034</subfield>
            <subfield code="h">EX. motricité</subfield>
         </datafield>
      </holding_data>
      <item_data>
         <alternative_call_number>EX. motricité</alternative_call_number>
         <alternative_call_number_type>8</alternative_call_number_type>
         <arrival_date>2017-12-14</arrival_date>
         <barcode>EY2502</barcode>
         <fulfillment_note>Convient à un enfant de max 25 kg. Remorque disponible séparément (jeu 2503)</fulfillment_note>
         <inventory_date>2025-07-03</inventory_date>
         <inventory_price>89,95</inventory_price>
         <internal_note_2>2x A5 laminées à rendre avec le jouet !</internal_note_2>
         <internal_note_3>Mme Soler a rapporté l'étiquette du jeu le 11 juin 2025, perte pas notée sous membre/jeu ! A scanner et remettre en place lors du prochain retour. GB 16 juin 2025 ; Fournisseur : Jouets Franz Carl Weber</internal_note_3>
         <item_location>811450034</item_location>
         <physical_material_type>GAME</physical_material_type>
         <policy>3000</policy>
      </item_data>
   </record>