
   <record>
      <leader>02167nrm a2200457 a 4500</leader>
      <controlfield tag="007">k|||m|</controlfield>
      <controlfield tag="008">      s2003    xx |||        ||||||fre d</controlfield>
      <datafield tag="019" ind1=" " ind2=" ">
         <subfield code="a">!!! Notice importée automatiquement, à vérifier et à compléter si nécessaire !!!</subfield>
         <subfield code="9">vdetoy/08.2025</subfield>
      </datafield>
      <datafield tag="024" ind1="3" ind2=" ">
         <subfield code="a">4005556128525</subfield>
      </datafield>
      <datafield tag="035" ind1=" " ind2=" ">
         <subfield code="a">(LUETOY)1308</subfield>
      </datafield>
      <datafield tag="040" ind1=" " ind2=" ">
         <subfield code="a">RNV etoy</subfield>
      </datafield>
      <datafield tag="245" ind1="0" ind2="0">
         <subfield code="a">Puzzle : Le pays des ours blancs</subfield>
      </datafield>
      <datafield tag="264" ind1=" " ind2="2">
         <subfield code="a">[Lieu de publication non identifié] : </subfield>
         <subfield code="b">Ravensburger, </subfield>
         <subfield code="c">2003</subfield>
      </datafield>
      <datafield tag="300" ind1=" " ind2=" ">
         <subfield code="a">1 jeu</subfield>
      </datafield>
      <datafield tag="336" ind1=" " ind2=" ">
         <subfield code="b">tdf</subfield>
         <subfield code="2">rdacontent</subfield>
      </datafield>
      <datafield tag="337" ind1=" " ind2=" ">
         <subfield code="b">n</subfield>
         <subfield code="2">rdamedia</subfield>
      </datafield>
      <datafield tag="338" ind1=" " ind2=" ">
         <subfield code="b">nr</subfield>
         <subfield code="2">rdacarrier</subfield>
      </datafield>
      <datafield tag="500" ind1=" " ind2=" ">
         <subfield code="a">Age min : 8 ans</subfield>
      </datafield>
      <datafield tag="500" ind1=" " ind2=" ">
         <subfield code="a">Nombre de joueur·euse·s : 1</subfield>
      </datafield>
      <datafield tag="500" ind1=" " ind2=" ">
         <subfield code="a">Thème : Pôles</subfield>
      </datafield>
      <datafield tag="505" ind1="0" ind2=" ">
         <subfield code="a">carton du jeu, plastifié -- 252 pièces de puzzle -- 1 sachet plastique -- Utiliser une brosse à habits pour nettoyer les pièces en velours.</subfield>
      </datafield>
      <datafield tag="650" ind1=" " ind2="7">
         <subfield code="a">Jeu d'agencement</subfield>
         <subfield code="0">A302</subfield>
         <subfield code="2">esar</subfield>
      </datafield>
      <datafield tag="972" ind1=" " ind2=" ">
         <subfield code="a">vdetoy</subfield>
      </datafield>
      <datafield tag="985" ind1=" " ind2=" ">
         <subfield code="2">cetoy</subfield>
         <subfield code="a">3</subfield>
         <subfield code="b">Jeux d'Assemblage</subfield>
         <subfield code="c">ASS. agencement / puzzle</subfield>
         <subfield code="9">local</subfield>
      </datafield>
      <datafield tag="998" ind1=" " ind2=" ">
         <subfield code="a">ImportPython/etoy</subfield>
      </datafield>
      <holding_data>
         <leader>     nx  a22     1n 4500</leader>
         <datafield tag="852" ind1=" " ind2=" ">
            <subfield code="b">etoy</subfield>
            <subfield code="c">811450038</subfield>
            <subfield code="h">ASS. agencement / puzzle</subfield>
         </datafield>
      </holding_data>
      <item_data>
         <alternative_call_number>ASS. agencement / puzzle</alternative_call_number>
         <alternative_call_number_type>8</alternative_call_number_type>
         <arrival_date>2020-01-09</arrival_date>
         <barcode>EY2841</barcode>
         <inventory_date>2025-06-19</inventory_date>
         <internal_note_3>Créer une étiquette 'puzzle avec éléments tactiles' juin 2025 ; Fournisseur : don </internal_note_3>
         <item_location>811450038</item_location>
         <physical_material_type>GAME</physical_material_type>
         <policy>3000</policy>
      </item_data>
   </record>