
   <record>
      <leader>02167nrm a2200457 a 4500</leader>
      <controlfield tag="007">k|||m|</controlfield>
      <controlfield tag="008">      s2022    xx |||        ||||||mul d</controlfield>
      <datafield tag="019" ind1=" " ind2=" ">
         <subfield code="a">!!! Notice importée automatiquement, à vérifier et à compléter si nécessaire !!!</subfield>
         <subfield code="9">vdetoy/08.2025</subfield>
      </datafield>
      <datafield tag="024" ind1="3" ind2=" ">
         <subfield code="a">3770012737078</subfield>
      </datafield>
      <datafield tag="028" ind1="5" ind2="2">
         <subfield code="a">KE02 Oppi</subfield>
      </datafield>
      <datafield tag="035" ind1=" " ind2=" ">
         <subfield code="a">(LUETOY)1796</subfield>
      </datafield>
      <datafield tag="040" ind1=" " ind2=" ">
         <subfield code="a">RNV etoy</subfield>
      </datafield>
      <datafield tag="041" ind1=" " ind2=" ">
         <subfield code="a">fre</subfield>
         <subfield code="a">ger</subfield>
         <subfield code="a">ita</subfield>
         <subfield code="a">eng</subfield>
      </datafield>
      <datafield tag="245" ind1="0" ind2="0">
         <subfield code="a">Piks set éducatif, 128 pièces &amp; cartes</subfield>
      </datafield>
      <datafield tag="246" ind1=" " ind2="3">
         <subfield code="a">Piks Education</subfield>
      </datafield>
      <datafield tag="264" ind1=" " ind2="2">
         <subfield code="a">[Lieu de publication non identifié] : </subfield>
         <subfield code="b">Oppi, </subfield>
         <subfield code="c">2022</subfield>
      </datafield>
      <datafield tag="300" ind1=" " ind2=" ">
         <subfield code="a">1 jeu dans une boîte</subfield>
      </datafield>
      <datafield tag="336" ind1=" " ind2=" ">
         <subfield code="b">tdf</subfield>
         <subfield code="2">rdacontent</subfield>
      </datafield>
      <datafield tag="337" ind1=" " ind2=" ">
         <subfield code="b">n</subfield>
         <subfield code="2">rdamedia</subfield>
      </datafield>
      <datafield tag="338" ind1=" " ind2=" ">
         <subfield code="b">nr</subfield>
         <subfield code="2">rdacarrier</subfield>
      </datafield>
      <datafield tag="500" ind1=" " ind2=" ">
         <subfield code="a">Age min : 6 ans</subfield>
      </datafield>
      <datafield tag="500" ind1=" " ind2=" ">
         <subfield code="a">Nombre de joueur·euse·s : 1-4</subfield>
      </datafield>
      <datafield tag="500" ind1=" " ind2=" ">
         <subfield code="a">Jeu adapté aux troubles DYS : Motricité</subfield>
      </datafield>
      <datafield tag="500" ind1=" " ind2=" ">
         <subfield code="a">Poids : 3,85 kg</subfield>
      </datafield>
      <datafield tag="505" ind1="0" ind2=" ">
         <subfield code="a">caisse en plastique &amp; couvercle -- 32 planches en bois -- 32 cônes bleu -- 32 cônes rouge -- 32 cônes jaune -- 2 sacs en coton écru 'Piks' -- 2 boîtes de 24 cartes, -- 'Get Smart' -- &amp; 'Get Creative' -- 1 règle de jeu, livret plastifié </subfield>
      </datafield>
      <datafield tag="520" ind1="8" ind2=" ">
         <subfield code="a">Set polyvalent pour occuper 1 ou plusieurs enfants et adultes pendant des heures ! - Adapté au jeu libre : La meilleure règle est celle de ne pas en avoir ! Construis la création de ton choix, mais rappelle-toi : il te faudra toujours au moins trois cônes pour qu'une planchette soit stable par-dessus. - jeu de construction - Mais aussi au jeu figuratif : Avec Piks, tu peux aussi créer des amis avec qui jouer. Utilise les cônes tels des yeux ou des pattes, le plateau comme un corps et crée tout type de personnages : crocodile, rhino, etc... Sers-toi des cartes créatives pour t'aider. - D'autres options : - - Construire la tour de piks : Crée la tour la plus haute sans faire tomber aucune pièce ! Trois niveaux de difficultés. Le premier : utilise les mêmes types de cônes par étage. Le deuxième : utilise au moins deux types de cônes différents par étage. Le troisième : utilise les trois types de cônes possibles par étages. - jeu de construction - - Bataille de Piks : De 2 à plusieurs joueurs, défie l'équilibre avec tes adversaires ! Chaque joueur doit placer un étage à tour de rôle (3 cônes et 1 plateau). Le premier qui fait tomber la structure a perdu. Le dernier joueur restant est le gagnant.</subfield>
         <subfield code="9">vdetoy/08.2025</subfield>
      </datafield>
      <datafield tag="521" ind1=" " ind2=" ">
         <subfield code="a">Famille</subfield>
         <subfield code="9">vdetoy/08.2025</subfield>
      </datafield>
      <datafield tag="650" ind1=" " ind2="7">
         <subfield code="a">Jeu de construction</subfield>
         <subfield code="0">A301</subfield>
         <subfield code="2">esar</subfield>
      </datafield>
      <datafield tag="650" ind1=" " ind2="7">
         <subfield code="a">Relations spatiales</subfield>
         <subfield code="0">B408</subfield>
         <subfield code="2">esar</subfield>
      </datafield>
      <datafield tag="650" ind1=" " ind2="7">
         <subfield code="a">Concentration</subfield>
         <subfield code="0">C411</subfield>
         <subfield code="2">esar</subfield>
      </datafield>
      <datafield tag="972" ind1=" " ind2=" ">
         <subfield code="a">vdetoy</subfield>
      </datafield>
      <datafield tag="985" ind1=" " ind2=" ">
         <subfield code="2">cetoy</subfield>
         <subfield code="a">3</subfield>
         <subfield code="b">Jeux d'Assemblage</subfield>
         <subfield code="c">ASS. construction</subfield>
         <subfield code="9">local</subfield>
      </datafield>
      <datafield tag="998" ind1=" " ind2=" ">
         <subfield code="a">ImportPython/etoy</subfield>
      </datafield>
      <holding_data>
         <leader>     nx  a22     1n 4500</leader>
         <datafield tag="852" ind1=" " ind2=" ">
            <subfield code="b">etoy</subfield>
            <subfield code="c">811450037</subfield>
            <subfield code="h">ASS. construction</subfield>
         </datafield>
      </holding_data>
      <item_data>
         <alternative_call_number>ASS. construction</alternative_call_number>
         <alternative_call_number_type>8</alternative_call_number_type>
         <arrival_date>2025-06-16</arrival_date>
         <barcode>EY3320</barcode>
         <inventory_date>2025-07-03</inventory_date>
         <inventory_price>119</inventory_price>
         <internal_note_2>Conseillé dès 6 ans. Piks est conçu pour le développement de l’attention et de la concentration des enfants. Il a été pensé en collaboration avec des spécialistes de l’éducation : pédopsychiatres, ergothérapeutes et professeurs des écoles</internal_note_2>
         <internal_note_3>Fournisseur : QoQa</internal_note_3>
         <item_location>811450037</item_location>
         <physical_material_type>GAME</physical_material_type>
         <policy>3000</policy>
      </item_data>
   </record>