
   <record>
      <leader>02167nrm a2200457 a 4500</leader>
      <controlfield tag="007">k|||m|</controlfield>
      <controlfield tag="008">      s        xx |||        ||||||fre d</controlfield>
      <datafield tag="019" ind1=" " ind2=" ">
         <subfield code="a">!!! Notice importée automatiquement, à vérifier et à compléter si nécessaire !!!</subfield>
         <subfield code="9">vdetoy/08.2025</subfield>
      </datafield>
      <datafield tag="035" ind1=" " ind2=" ">
         <subfield code="a">(LUETOY)1843</subfield>
      </datafield>
      <datafield tag="040" ind1=" " ind2=" ">
         <subfield code="a">RNV etoy</subfield>
      </datafield>
      <datafield tag="245" ind1="0" ind2="0">
         <subfield code="a">Cache-yeux, set de 6</subfield>
      </datafield>
      <datafield tag="264" ind1=" " ind2="2">
         <subfield code="a">[Lieu de publication non identifié] : </subfield>
         <subfield code="b">[éditeur non identifié], </subfield>
         <subfield code="c">[date de publication non identifiée]</subfield>
      </datafield>
      <datafield tag="300" ind1=" " ind2=" ">
         <subfield code="a">1 jeu</subfield>
      </datafield>
      <datafield tag="336" ind1=" " ind2=" ">
         <subfield code="b">tdf</subfield>
         <subfield code="2">rdacontent</subfield>
      </datafield>
      <datafield tag="337" ind1=" " ind2=" ">
         <subfield code="b">n</subfield>
         <subfield code="2">rdamedia</subfield>
      </datafield>
      <datafield tag="338" ind1=" " ind2=" ">
         <subfield code="b">nr</subfield>
         <subfield code="2">rdacarrier</subfield>
      </datafield>
      <datafield tag="500" ind1=" " ind2=" ">
         <subfield code="a">Age min : 3 ans</subfield>
      </datafield>
      <datafield tag="500" ind1=" " ind2=" ">
         <subfield code="a">Nombre de joueur·euse·s : 1-6</subfield>
      </datafield>
      <datafield tag="505" ind1="0" ind2=" ">
         <subfield code="a">6 cache-yeux pour enfants -- 1 filet de linge, taille S -- 1 étiquette-photo, en A5 -- Suggestions de jeux, en A5 ? -- ENCORE à préparer !!</subfield>
      </datafield>
      <datafield tag="650" ind1=" " ind2="7">
         <subfield code="a">Jeu sensoriel sonore</subfield>
         <subfield code="0">A101</subfield>
         <subfield code="2">esar</subfield>
      </datafield>
      <datafield tag="650" ind1=" " ind2="7">
         <subfield code="a">Perception auditive</subfield>
         <subfield code="0">C101</subfield>
         <subfield code="2">esar</subfield>
      </datafield>
      <datafield tag="650" ind1=" " ind2="7">
         <subfield code="a">Perception tactile</subfield>
         <subfield code="0">C103</subfield>
         <subfield code="2">esar</subfield>
      </datafield>
      <datafield tag="650" ind1=" " ind2="7">
         <subfield code="a">Perception olfactive</subfield>
         <subfield code="0">C104</subfield>
         <subfield code="2">esar</subfield>
      </datafield>
      <datafield tag="650" ind1=" " ind2="7">
         <subfield code="a">Perception gustative</subfield>
         <subfield code="0">C105</subfield>
         <subfield code="2">esar</subfield>
      </datafield>
      <datafield tag="650" ind1=" " ind2="7">
         <subfield code="a">Concentration</subfield>
         <subfield code="0">C411</subfield>
         <subfield code="2">esar</subfield>
      </datafield>
      <datafield tag="650" ind1=" " ind2="7">
         <subfield code="a">Jeu individuel et coopératif</subfield>
         <subfield code="0">D104</subfield>
         <subfield code="2">esar</subfield>
      </datafield>
      <datafield tag="972" ind1=" " ind2=" ">
         <subfield code="a">vdetoy</subfield>
      </datafield>
      <datafield tag="985" ind1=" " ind2=" ">
         <subfield code="2">cetoy</subfield>
         <subfield code="a">1</subfield>
         <subfield code="b">Jouets pour le jeu d'Exercice</subfield>
         <subfield code="c">EX. éveil sensoriel</subfield>
         <subfield code="9">local</subfield>
      </datafield>
      <datafield tag="998" ind1=" " ind2=" ">
         <subfield code="a">ImportPython/etoy</subfield>
      </datafield>
      <holding_data>
         <leader>     nx  a22     1n 4500</leader>
         <datafield tag="852" ind1=" " ind2=" ">
            <subfield code="b">etoy</subfield>
            <subfield code="c">811450034</subfield>
            <subfield code="h">EX. éveil sensoriel</subfield>
         </datafield>
      </holding_data>
      <item_data>
         <alternative_call_number>EX. éveil sensoriel</alternative_call_number>
         <alternative_call_number_type>8</alternative_call_number_type>
         <arrival_date>2024-03-01</arrival_date>
         <barcode>EY3366</barcode>
         <inventory_date>2025-06-15</inventory_date>
         <inventory_price>25</inventory_price>
         <item_location>811450034</item_location>
         <physical_material_type>GAME</physical_material_type>
         <policy>3000</policy>
      </item_data>
   </record>