
   <record>
      <leader>02167nrm a2200457 a 4500</leader>
      <controlfield tag="007">k|||m|</controlfield>
      <controlfield tag="008">      s2024    xx |||        ||||||fre d</controlfield>
      <datafield tag="019" ind1=" " ind2=" ">
         <subfield code="a">!!! Notice importée automatiquement, à vérifier et à compléter si nécessaire !!!</subfield>
         <subfield code="9">vdetoy/08.2025</subfield>
      </datafield>
      <datafield tag="024" ind1="3" ind2=" ">
         <subfield code="a">3558380116684</subfield>
      </datafield>
      <datafield tag="035" ind1=" " ind2=" ">
         <subfield code="a">(LUETOY)1918</subfield>
      </datafield>
      <datafield tag="040" ind1=" " ind2=" ">
         <subfield code="a">RNV etoy</subfield>
      </datafield>
      <datafield tag="041" ind1=" " ind2=" ">
         <subfield code="a">fre</subfield>
      </datafield>
      <datafield tag="245" ind1="0" ind2="0">
         <subfield code="a">Harmonies</subfield>
      </datafield>
      <datafield tag="264" ind1=" " ind2="2">
         <subfield code="a">[Lieu de publication non identifié] : </subfield>
         <subfield code="b">Libellud, </subfield>
         <subfield code="c">2024</subfield>
      </datafield>
      <datafield tag="300" ind1=" " ind2=" ">
         <subfield code="a">1 jeu dans une boîte</subfield>
      </datafield>
      <datafield tag="336" ind1=" " ind2=" ">
         <subfield code="b">tdf</subfield>
         <subfield code="2">rdacontent</subfield>
      </datafield>
      <datafield tag="337" ind1=" " ind2=" ">
         <subfield code="b">n</subfield>
         <subfield code="2">rdamedia</subfield>
      </datafield>
      <datafield tag="338" ind1=" " ind2=" ">
         <subfield code="b">nr</subfield>
         <subfield code="2">rdacarrier</subfield>
      </datafield>
      <datafield tag="500" ind1=" " ind2=" ">
         <subfield code="a">Age min : 10 ans</subfield>
      </datafield>
      <datafield tag="500" ind1=" " ind2=" ">
         <subfield code="a">Nombre de joueur·euse·s : 1-4</subfield>
      </datafield>
      <datafield tag="500" ind1=" " ind2=" ">
         <subfield code="a">Durée de la partie : 00:30</subfield>
      </datafield>
      <datafield tag="500" ind1=" " ind2=" ">
         <subfield code="a">Mécanique : Placement - Pose d’ouvriers</subfield>
      </datafield>
      <datafield tag="500" ind1=" " ind2=" ">
         <subfield code="a">Interaction : Compétition</subfield>
      </datafield>
      <datafield tag="500" ind1=" " ind2=" ">
         <subfield code="a">Thème : Animaux</subfield>
      </datafield>
      <datafield tag="505" ind1="0" ind2=" ">
         <subfield code="a">boîte du jeu, plastifiée -- 1 sac -- 1 plateau central -- 4 plateaux personnels -- 4 cartes Aide de jeu (laminées) -- 120 jetons, dont : -- - 23 x bleu, 23 x gris -- - 21 x marron, 19 vert -- - 19 x jaune, 15 x rouge -- 66 cubes Animal -- 4 cubes Esprit de la nature -- 32 cartes Animal -- 10 cartes Esprit de la nature -- 1 bloc de score (5-8 feuilles) -- 1 modèle fiche de score ** -- 1 livret de règles, plastifié -- ** à copier selon vos besoins</subfield>
      </datafield>
      <datafield tag="520" ind1="8" ind2=" ">
         <subfield code="a">Créez votre propre paysage et vos propres habitats pour accueillir les animaux. - Dans Harmonies, construisez un paysage sur votre plateau en posant des séries de 3 pions et faites apparaitre des forêts, des montagnes, des champs et des villes. - Sélectionnez ensuite les bonnes cartes Animal et reproduisez leur habitats pour qu’ils viennent peupler votre région. - Pour gagner le plus de points et remporter la partie, incorporez judicieusement les habitats dans vos paysages et installez-y le plus grand nombre d'animaux possible. - Qui obtiendra la plus belle faune ?</subfield>
         <subfield code="9">vdetoy/08.2025</subfield>
      </datafield>
      <datafield tag="521" ind1=" " ind2=" ">
         <subfield code="a">Découverte</subfield>
         <subfield code="9">vdetoy/08.2025</subfield>
      </datafield>
      <datafield tag="650" ind1=" " ind2="7">
         <subfield code="a">Jeu stratégie</subfield>
         <subfield code="0">A406</subfield>
         <subfield code="2">esar</subfield>
      </datafield>
      <datafield tag="650" ind1=" " ind2="7">
         <subfield code="a">Jeu individuel et compétitif</subfield>
         <subfield code="0">D103</subfield>
         <subfield code="2">esar</subfield>
      </datafield>
      <datafield tag="700" ind1="1" ind2=" ">
         <subfield code="a">Benvenuto, Johan</subfield>
         <subfield code="4">cre</subfield>
      </datafield>
      <datafield tag="700" ind1="1" ind2=" ">
         <subfield code="a">da Silva, Maëva</subfield>
         <subfield code="4">ill</subfield>
      </datafield>
      <datafield tag="856" ind1="4" ind2="2">
         <subfield code="3">Vidéo</subfield>
         <subfield code="u">https://www.youtube.com/watch?v=7VIU4vw3kSw</subfield>
         <subfield code="z">Règles du jeu</subfield>
      </datafield>
      <datafield tag="972" ind1=" " ind2=" ">
         <subfield code="a">vdetoy</subfield>
      </datafield>
      <datafield tag="985" ind1=" " ind2=" ">
         <subfield code="2">cetoy</subfield>
         <subfield code="a">4</subfield>
         <subfield code="b">Jeux de Règles</subfield>
         <subfield code="c">REG. réflexion &amp; stratégie</subfield>
         <subfield code="9">local</subfield>
      </datafield>
      <datafield tag="998" ind1=" " ind2=" ">
         <subfield code="a">ImportPython/etoy</subfield>
      </datafield>
      <holding_data>
         <leader>     nx  a22     1n 4500</leader>
         <datafield tag="852" ind1=" " ind2=" ">
            <subfield code="b">etoy</subfield>
            <subfield code="c">811450039</subfield>
            <subfield code="h">REG. réflexion &amp; stratégie</subfield>
         </datafield>
      </holding_data>
      <item_data>
         <alternative_call_number>REG. réflexion &amp; stratégie</alternative_call_number>
         <alternative_call_number_type>8</alternative_call_number_type>
         <arrival_date>2024-10-10</arrival_date>
         <barcode>EY3438</barcode>
         <inventory_date>2025-07-03</inventory_date>
         <inventory_price>43,9</inventory_price>
         <internal_note_3>Fournisseur : 400coups</internal_note_3>
         <item_location>811450039</item_location>
         <physical_material_type>GAME</physical_material_type>
         <policy>3000</policy>
      </item_data>
   </record>